<record xmlns:xsi="http://www.w3.org/2001/XMLSchema-instance" xmlns="http://www.loc.gov/MARC21/slim" xsi:schemaLocation="http://www.loc.gov/MARC21/slim http://www.loc.gov/standards/marcxml/schema/MARC21slim.xsd">

  <leader>00691nam a2200181Ia 4500</leader>
  <datafield ind1=" " ind2=" " tag="999">
    <subfield code="c">82</subfield>
    <subfield code="d">82</subfield>
  </datafield>
  <controlfield tag="008">150723b2006    c  ||||| |||| 00| | spa d</controlfield>
  <datafield ind1=" " ind2=" " tag="020">
    <subfield code="a">097722712X</subfield>
  </datafield>
  <datafield ind2=" " tag="090" ind1=" ">
    <subfield code="a">06.02.03 </subfield>
    <subfield code="b">1229</subfield>
  </datafield>
  <datafield ind2=" " tag="110" ind1="2">
    <subfield code="a">Programas de Promoción de la Reforma Educativa en America Latina (PREAL)</subfield>
    <subfield code="9">3465</subfield>
  </datafield>
  <datafield ind2="0" tag="245" ind1="1">
    <subfield code="a">Cantidad sin calidad, un informe del progreso educativo en América Latina /</subfield>
    <subfield code="c"> Programa de Promoción de la Reforma Educativa en América Latina y el Caribe</subfield>
  </datafield>
  <datafield ind1=" " ind2=" " tag="260">
    <subfield code="a">Chile : </subfield>
    <subfield code="b">PREAL, </subfield>
    <subfield code="c">2006</subfield>
  </datafield>
  <datafield ind2=" " tag="300" ind1=" ">
    <subfield code="a">50 páginas</subfield>
  </datafield>
  <datafield ind2="4" tag="650" ind1="1">
    <subfield code="a">EDUCACIÓN PÚBLICA </subfield>
    <subfield code="9">394</subfield>
  </datafield>
  <datafield ind1=" " ind2="0" tag="650">
    <subfield code="a">POLÍTICA EDUCATIVA</subfield>
    <subfield code="9">451</subfield>
  </datafield>
  <datafield tag="650" ind2="4" ind1="1">
    <subfield code="a">REFORMA DE LA EDUCACIÓN</subfield>
    <subfield code="9">7</subfield>
  </datafield>
  <datafield tag="650" ind2="4" ind1="1">
    <subfield code="a">DATOS ESTADÍSTICOS</subfield>
    <subfield code="9">452</subfield>
  </datafield>
  <datafield ind2=" " tag="942" ind1=" ">
    <subfield code="2">z</subfield>
    <subfield code="c">01</subfield>
  </datafield>
</record>